/home/denis/Documents/Uni/Master/MA/thesis/custom_references.bib