/home/denis/Documents/Uni/Master/MA/thesis/zotero_lib.bib