
@misc{schulzweida2019cdo,
  title={CDO user guide},
  author={Schulzweida, Uwe and Kornblueh, Luis and Quast, Ralf},
  year={2019}
}
